%% Mon Jan  8 20:30:27 WIB 2018
%%
%% See also BIBTEX --> https://books.google.co.id/books
%% ARTICLE %%%%%%%%%%%%%%%%%%%%%%%%%%%%%%%%%%%%%%%%%%%%%%%%%%%%%%%%%%
%% BOOK %%%%%%%%%%%%%%%%%%%%%%%%%%%%%%%%%%%%%%%%%%%%%%%%%%%%%%%%%%%%%
%% INPROCEEDINGS %%%%%%%%%%%%%%%%%%%%%%%%%%%%%%%%%%%%%%%%%%%%%%%%%%%%
%% MISC %%%%%%%%%%%%%%%%%%%%%%%%%%%%%%%%%%%%%%%%%%%%%%%%%%%%%%%%%%%%%
%% TECHREPORT %%%%%%%%%%%%%%%%%%%%%%%%%%%%%%%%%%%%%%%%%%%%%%%%%%%%%%%
%% UNPUBLISHED %%%%%%%%%%%%%%%%%%%%%%%%%%%%%%%%%%%%%%%%%%%%%%%%%%%%%%

%% ARTICLE %%%%%%%%%%%%%%%%%%%%%%%%%%%%%%%%%%%%%%%%%%%%%%%%%%%%%%%%%%
%%%%%%%%%%%%%%%%%%%%%%%%%%%%%%%%%%%%%%%%%%%%%%%%%%%%%%%%%%%%%%%%%%%%%

%% GGG %%%%%%%%%%%%%%%%%%%%%%%%%%%%%%%%%%%%%%%%%%%%%%%%%%%%%%%%%%%%%%

@article{greenwade93, 
  author = "George D. Greenwade",
  title = "The {C}omprehensive {T}ex {A}rchive {N}etwork ({CTAN})",
  year = "1993",
  journal = "TUGBoat",
  volume = "14",
  number = "3",
  pages = "342--351"
}

%% MMM %%%%%%%%%%%%%%%%%%%%%%%%%%%%%%%%%%%%%%%%%%%%%%%%%%%%%%%%%%%%%%

@article{mcguire.article,
 author = {McGuire, Timothy J.},
 title = {A gentle way of introducing multi-core programming into the curriculum: tutorial presentation},
 journal = {J. Comput. Sci. Coll.},
 issue_date = {October 2010},
 volume = {26},
 number = {1},
 month = oct,
 year = {2010},
 issn = {1937-4771},
 pages = {124--125},
 numpages = {2},
 url = {http://dl.acm.org/citation.cfm?id=1858449.1858471},
 acmid = {1858471},
 publisher = {Consortium for Computing Sciences in Colleges},
 address = {USA},
} 

%% TTT %%%%%%%%%%%%%%%%%%%%%%%%%%%%%%%%%%%%%%%%%%%%%%%%%%%%%%%%%%%%%%

@article{treese.article,
 author = {Treese, Win},
 title = {How to build a supercomputer},
 journal = {netWorker},
 issue_date = {December 2004},
 volume = {8},
 number = {4},
 month = dec,
 year = {2004},
 issn = {1091-3556},
 pages = {15--18},
 numpages = {4},
 url = {http://doi.acm.org/10.1145/1037911.1037921},
 doi = {10.1145/1037911.1037921},
 acmid = {1037921},
 publisher = {ACM},
 address = {New York, NY, USA},
} 

%% WWW %%%%%%%%%%%%%%%%%%%%%%%%%%%%%%%%%%%%%%%%%%%%%%%%%%%%%%%%%%%%%%

@article{wilkins1995getting,
  author = {Wilkins, D.R},
  journal = {Copyright David R. Wilkins},
  keywords = {tex},
  title = {Getting Started with LATEX},
  url = {http://www.maths.tcd.ie/~dwilkins/LaTeXPrimer/},
  year = {1995}
}

%% BOOK %%%%%%%%%%%%%%%%%%%%%%%%%%%%%%%%%%%%%%%%%%%%%%%%%%%%%%%%%%%%%
%%%%%%%%%%%%%%%%%%%%%%%%%%%%%%%%%%%%%%%%%%%%%%%%%%%%%%%%%%%%%%%%%%%%%

%% AAA %%%%%%%%%%%%%%%%%%%%%%%%%%%%%%%%%%%%%%%%%%%%%%%%%%%%%%%%%%%%%%

%% BBB %%%%%%%%%%%%%%%%%%%%%%%%%%%%%%%%%%%%%%%%%%%%%%%%%%%%%%%%%%%%%%

@book{buyya.book,
  title = {High Performance Cluster Computing: Architectures and systems},
  publisher = {Prentice Hall PTR},
  year = {1999},
  author = {Buyya, R.},
  series = {High Performance Cluster Computing},
  isbn = {9780130137845},
  lccn = {99017906},
  url = {http://books.google.co.id/books?id=wrZQAAAAMAAJ}
}

%% CCC %%%%%%%%%%%%%%%%%%%%%%%%%%%%%%%%%%%%%%%%%%%%%%%%%%%%%%%%%%%%%%

%% DDD %%%%%%%%%%%%%%%%%%%%%%%%%%%%%%%%%%%%%%%%%%%%%%%%%%%%%%%%%%%%%%

%% EEE %%%%%%%%%%%%%%%%%%%%%%%%%%%%%%%%%%%%%%%%%%%%%%%%%%%%%%%%%%%%%%

%% FFF %%%%%%%%%%%%%%%%%%%%%%%%%%%%%%%%%%%%%%%%%%%%%%%%%%%%%%%%%%%%%%

%% GGG %%%%%%%%%%%%%%%%%%%%%%%%%%%%%%%%%%%%%%%%%%%%%%%%%%%%%%%%%%%%%%

@book{griffiths1997learning,
  title={Learning LaTeX},
  author={Griffiths, D.F. and Higham, D.J.},
  isbn={9780898713831},
  url={http://books.google.co.id/books?id=V3ZbGgyQRTgC},
  year={1997},
  publisher={Society for Industrial and Applied Mathematics}
}

@book{goossens2006latex,
  title={The LaTeX graphics companion: illustrating documents with TeX and PostScript},
  author={Goossens, M. and Rahtz, S. and Mittelbach, F.},
  isbn={9780321269447},
  series={Addison-Wesley series on tools and techniques for computer typesetting},
  url={http://books.google.co.id/books?id=UC\_iRAAACAAJ},
  year={2006},
  publisher={Addison-Wesley}
}

@book{goossens93,
   author = "Michel Goossens and Frank Mittlebach and Alexander Samarin",
   title = "The Latex Companion",
   year = "1993",
   publisher = "Addison-Wesley",
   address = "Reading, Massachusetts"
}

%% HHH %%%%%%%%%%%%%%%%%%%%%%%%%%%%%%%%%%%%%%%%%%%%%%%%%%%%%%%%%%%%%%

%% III %%%%%%%%%%%%%%%%%%%%%%%%%%%%%%%%%%%%%%%%%%%%%%%%%%%%%%%%%%%%%%

%% JJJ %%%%%%%%%%%%%%%%%%%%%%%%%%%%%%%%%%%%%%%%%%%%%%%%%%%%%%%%%%%%%%

%% KKK %%%%%%%%%%%%%%%%%%%%%%%%%%%%%%%%%%%%%%%%%%%%%%%%%%%%%%%%%%%%%%

@book{knuth79,
   author = "Donald E. Knuth",
   title = "Tex and Metafont, New Directions in Typesetting",
   year = "1979",
   publisher = "American Mathematical Society and Digital Press",
   address = "Stanford"
}

@book{kopka2006guide,
  title={Guide to LaTeX},
  author={Kopka, H. and Daly, P.W.},
  isbn={9780321269447},
  series={Addison-Wesley series on tools and techniques for computer typesetting},
  url={http://books.google.co.id/books?id=pERWnQEACAAJ},
  year={2006},
  publisher={Addison-Wesley}
}

%% LLL %%%%%%%%%%%%%%%%%%%%%%%%%%%%%%%%%%%%%%%%%%%%%%%%%%%%%%%%%%%%%%

@book{lamport1994latex,
  title={Latex: A Document Preparation System, 2/E},
  isbn={9788177584141},
  url={http://books.google.co.id/books?id=X8yYYwh37oYC},
  author={Lamport, Leslie},
  year={1994},
  publisher={Pearson Education}
}

@book{lamport94,
   author = "Leslie Lamport",
   title = "Latex: A Document Preparation System",
   year = "1994",
   edition = "Second",
   publisher = "Addison-Wesley",
   address = "Reading, Massachusetts"
}

%% MMM %%%%%%%%%%%%%%%%%%%%%%%%%%%%%%%%%%%%%%%%%%%%%%%%%%%%%%%%%%%%%%
%% NNN %%%%%%%%%%%%%%%%%%%%%%%%%%%%%%%%%%%%%%%%%%%%%%%%%%%%%%%%%%%%%%
%% OOO %%%%%%%%%%%%%%%%%%%%%%%%%%%%%%%%%%%%%%%%%%%%%%%%%%%%%%%%%%%%%%

@book{oetiker2011not,
  title={The Not So Short Introduction to Latex 2[epsilon]: Or Latex 2[epsilon] in 157 Minutes},
  author={Oetiker, T.},
  url={http://books.google.co.id/books?id=3IWcMwEACAAJ},
  year={2011},
  publisher={Tobias Oetiker and contributors}
}

%% PPP %%%%%%%%%%%%%%%%%%%%%%%%%%%%%%%%%%%%%%%%%%%%%%%%%%%%%%%%%%%%%%

@book{pressman.buku,
  title={Software engineering: a practitioner's approach},
  author={Pressman, R.S.},
  isbn={9780073375977},
  lccn={2008048802},
  series={McGraw-Hill higher education},
  url={http://books.google.co.id/books?id=y4k\_AQAAIAAJ},
  year={2010},
  publisher={McGraw-Hill Higher Education}
}

%% QQQ %%%%%%%%%%%%%%%%%%%%%%%%%%%%%%%%%%%%%%%%%%%%%%%%%%%%%%%%%%%%%%
%% RRR %%%%%%%%%%%%%%%%%%%%%%%%%%%%%%%%%%%%%%%%%%%%%%%%%%%%%%%%%%%%%%
%% SSS %%%%%%%%%%%%%%%%%%%%%%%%%%%%%%%%%%%%%%%%%%%%%%%%%%%%%%%%%%%%%%

@book{stanford1983tex82,
  title={TeX82},
  author={Stanford University and Knuth, D.E.},
  url={http://books.google.co.id/books?id=KFceHQAACAAJ},
  year={1983},
  publisher={Stanford Univ.}
}

%% TTT %%%%%%%%%%%%%%%%%%%%%%%%%%%%%%%%%%%%%%%%%%%%%%%%%%%%%%%%%%%%%%
%% UUU %%%%%%%%%%%%%%%%%%%%%%%%%%%%%%%%%%%%%%%%%%%%%%%%%%%%%%%%%%%%%%
%% VVV %%%%%%%%%%%%%%%%%%%%%%%%%%%%%%%%%%%%%%%%%%%%%%%%%%%%%%%%%%%%%%

@book{van2012latex,
  title={LaTeX and Friends},
  author={van Dongen, M.},
  isbn={9783642238161},
  series={X.media.publishing},
  url={http://books.google.co.id/books?id=xgbapN\_8aTwC},
  year={2012},
  publisher={Springer}
}

%% WWW %%%%%%%%%%%%%%%%%%%%%%%%%%%%%%%%%%%%%%%%%%%%%%%%%%%%%%%%%%%%%%
%% XXX %%%%%%%%%%%%%%%%%%%%%%%%%%%%%%%%%%%%%%%%%%%%%%%%%%%%%%%%%%%%%%
%% YYY %%%%%%%%%%%%%%%%%%%%%%%%%%%%%%%%%%%%%%%%%%%%%%%%%%%%%%%%%%%%%%
%% ZZZ %%%%%%%%%%%%%%%%%%%%%%%%%%%%%%%%%%%%%%%%%%%%%%%%%%%%%%%%%%%%%%

%% INCOLLECTION %%%%%%%%%%%%%%%%%%%%%%%%%%%%%%%%%%%%%%%%%%%%%%%%%%%%%
%%%%%%%%%%%%%%%%%%%%%%%%%%%%%%%%%%%%%%%%%%%%%%%%%%%%%%%%%%%%%%%%%%%%%

@incollection{sterling-jones.book,
	author = {Jones, James Patton and Lifka, David and Nitzberg, Bill and Tannenbaum, Todd},
	editor={Sterling, T.L.},
	title = {Cluster workload management},
	booktitle = {Beowulf cluster computing with Linux},
	year = {2002},
	isbn = {0-262-69274-0},
	pages = {301--306},
	numpages = {6},
	url = {http://dl.acm.org/citation.cfm?id=509876.509892},
	acmid = {509892},
	publisher = {MIT Press},
	address = {Cambridge, MA, USA},
}

%% INPROCEEDINGS %%%%%%%%%%%%%%%%%%%%%%%%%%%%%%%%%%%%%%%%%%%%%%%%%%%%
%%%%%%%%%%%%%%%%%%%%%%%%%%%%%%%%%%%%%%%%%%%%%%%%%%%%%%%%%%%%%%%%%%%%%

%% JJJ %%%%%%%%%%%%%%%%%%%%%%%%%%%%%%%%%%%%%%%%%%%%%%%%%%%%%%%%%%%%%%

@inproceedings{jackson.paper,
	author = {Jackson, David B. and Snell, Quinn and Clement, Mark J.},
	title = {Core Algorithms of the Maui Scheduler},
	booktitle = {Revised Papers from the  7th International Workshop on Job Scheduling Strategies for Parallel Processing},
	series = {JSSPP '01},
	year = {2001},
	isbn = {3-540-42817-8},
	pages = {87--102},
	numpages = {16},
	url = {http://dl.acm.org/citation.cfm?id=646382.689682},
	acmid = {689682},
	publisher = {Springer-Verlag},
	address = {London, UK, UK},
} 

%% SSS %%%%%%%%%%%%%%%%%%%%%%%%%%%%%%%%%%%%%%%%%%%%%%%%%%%%%%%%%%%%%%

@inproceedings{shin.paper,
	author = {Chee Shin Yeo and Rajkumar Buyya and Hossein Pourreza and Rasit Eskicioglu and Peter Graham and Frank Sommers},
	title = {Cluster Computing: High-Performance, High-Availability, and High-Throughput Processing on a Network of Computers},
	booktitle = {Handbook of Nature-Inspired and Innovative Computing: Integrating Classical Models with Emerging Technologies, chapter 16},
	year = {2006},
	pages = {521--551}
}

%% MISC %%%%%%%%%%%%%%%%%%%%%%%%%%%%%%%%%%%%%%%%%%%%%%%%%%%%%%%%%%%%%
%%%%%%%%%%%%%%%%%%%%%%%%%%%%%%%%%%%%%%%%%%%%%%%%%%%%%%%%%%%%%%%%%%%%%

%% AAA %%%%%%%%%%%%%%%%%%%%%%%%%%%%%%%%%%%%%%%%%%%%%%%%%%%%%%%%%%%%%%

@misc{adin.experiment,
  author = {Gladhi Guarddin},
  title = {{Percobaan Kompresi Menggunakan MPIBZIP2 pada Cluster Hastinapura}},
  howpublished = {Peronal Communication},
  year = {2010}
}

%% EEE %%%%%%%%%%%%%%%%%%%%%%%%%%%%%%%%%%%%%%%%%%%%%%%%%%%%%%%%%%%%%%

@misc{ecmwf.ppt,
  author = {George Mozdzynski},
  title = {{Concepts of Parallel Computing}},
  howpublished = {\url{http://www.ecmwf.int/services/computing/training/material/com_hpcf.html}},
  year = {2012},
  note = {[Diakses 20 Maret 2013]}
}

%% OOO %%%%%%%%%%%%%%%%%%%%%%%%%%%%%%%%%%%%%%%%%%%%%%%%%%%%%%%%%%%%%%

@misc{oxford.net,
  key = {Oxford Dictionaries},
  howpublished = {\url{http://oxforddictionaries.com/definition/english/parallel}},
  year = {2010},
  note = {[Diakses 1 April 2013]}
}

%% PPP %%%%%%%%%%%%%%%%%%%%%%%%%%%%%%%%%%%%%%%%%%%%%%%%%%%%%%%%%%%%%%

@misc{patashnik88,
   author = "Oren Patashnik",
   title = "{B}ib{T}e{X}ing.  Documentation for General {B}ib{T}e{X} users",
   year = "1988",
   howpublished = "Electronic document accompanying BibTeX distribution"
}

%% RRR %%%%%%%%%%%%%%%%%%%%%%%%%%%%%%%%%%%%%%%%%%%%%%%%%%%%%%%%%%%%%%

@misc{rebecca.article,
  author = {Rebecca Neal},
  title = {Cloud computing brings savings in energy, maintenance costs},
  howpublished = {\url{http://www.federaltimes.com/article/20100323/IT03/3230304/Cloud-computing-brings-savings-energy-maintenance-costs}},
  year = {2010},
  note = {[Diakses 1 April 2013]}
}

@misc{rocks.manual,
	title = {Base Users Guide 6.1 Edition},
	year = {2013},
	note = {[Diakses 14 Mei 2013]},
	key = {University of California},
	howpublished = {http://central6.rocksclusters.org/roll-documentation/base/6.1/roll-base-usersguide.pdf},
}

%% SSS %%%%%%%%%%%%%%%%%%%%%%%%%%%%%%%%%%%%%%%%%%%%%%%%%%%%%%%%%%%%%%

@misc{scele.cs.ui.ac.id,
  key = {SCELE Fasilkom UI},
  howpublished = {\url{https://scele.cs.ui.ac.id/static/staf/rms46/TA/}},
  year = {2018},
  note = {[Diakses 8 Januari 2018]}
}

%% ZZZ %%%%%%%%%%%%%%%%%%%%%%%%%%%%%%%%%%%%%%%%%%%%%%%%%%%%%%%%%%%%%%

%% TECHREPORT %%%%%%%%%%%%%%%%%%%%%%%%%%%%%%%%%%%%%%%%%%%%%%%%%%%%%%%
%%%%%%%%%%%%%%%%%%%%%%%%%%%%%%%%%%%%%%%%%%%%%%%%%%%%%%%%%%%%%%%%%%%%%

%% AAA %%%%%%%%%%%%%%%%%%%%%%%%%%%%%%%%%%%%%%%%%%%%%%%%%%%%%%%%%%%%%%

%% NNN %%%%%%%%%%%%%%%%%%%%%%%%%%%%%%%%%%%%%%%%%%%%%%%%%%%%%%%%%%%%%%

@techreport{nist.techreport,
    author = {Mell, Peter and Grance, Tim},
    day = {10},
    edition = {26},
    keywords = {nist},
    month = jul,
    organization = {National Institute of Standards and Technology, Information Technology Laboratory},
    Institution = {National Institute of Standards and Technology, Information Technology Laboratory},
    posted-at = {2010-01-29 11:30:53},
    priority = {2},
    title = {The {NIST} Definition of Cloud Computing},
    url = {http://csrc.nist.gov/publications/nistpubs/800-145/SP800-145.pdf},
    year = {2009},
    note = {[Diakses 17 April 2013]}
}

%% RRR %%%%%%%%%%%%%%%%%%%%%%%%%%%%%%%%%%%%%%%%%%%%%%%%%%%%%%%%%%%%%%

@techreport{rahtz89,
   author = "Sebastian Rahtz",
   title = "A Survey of {T}ex and graphics",
   year = "1989",
   institution = "Department of Electronics and Computer Science",
   address = "University of Southampton, UK",
   number = "CSTR 89-7"
}

%% ZZZ %%%%%%%%%%%%%%%%%%%%%%%%%%%%%%%%%%%%%%%%%%%%%%%%%%%%%%%%%%%%%%

%% UNPUBLISHED %%%%%%%%%%%%%%%%%%%%%%%%%%%%%%%%%%%%%%%%%%%%%%%%%%%%%%
%%%%%%%%%%%%%%%%%%%%%%%%%%%%%%%%%%%%%%%%%%%%%%%%%%%%%%%%%%%%%%%%%%%%%

%% BBB %%%%%%%%%%%%%%%%%%%%%%%%%%%%%%%%%%%%%%%%%%%%%%%%%%%%%%%%%%%%%%

@unpublished{berry2013tex,
  author = {Berry, Karl},
  institution = {TeX Users Group},
  title = {The TeX Live Guide --- 2013},
  year = {2013}
}

%% III %%%%%%%%%%%%%%%%%%%%%%%%%%%%%%%%%%%%%%%%%%%%%%%%%%%%%%%%%%%%%%

@unpublished{itug2003latex,
  institution = {Indian TeX Users Group},
  title = {LaTeX Tutorials: A Primer},
  year = {2003}
}

%% PPP %%%%%%%%%%%%%%%%%%%%%%%%%%%%%%%%%%%%%%%%%%%%%%%%%%%%%%%%%%%%%%

@unpublished{pakin2008comprehensive,
  author = {Pakin, Scott},
  keywords = {2008 LaTeX package reference symbol typography},
  title = {{The Comprehensive LaTeX Symbol List}},
  year = {2008}
}

%% RRR %%%%%%%%%%%%%%%%%%%%%%%%%%%%%%%%%%%%%%%%%%%%%%%%%%%%%%%%%%%%%%

@unpublished{reckdahl2006using,
  author = {Reckdahl, Keith},
  title = {Using Imported Graphics in LaTeX and pdfLaTeX},
  year = {2006}
}

%% SSS %%%%%%%%%%%%%%%%%%%%%%%%%%%%%%%%%%%%%%%%%%%%%%%%%%%%%%%%%%%%%%

@unpublished{society2002users,
  author = {Freimer, Marshal},
  institution = {American Mathematical Society},
  keywords = {LaTeX howto math},
  title = {{User's Guide for the amsmath Package}},
  url = {http://www.ams.org/tex/amsmath.html},
  volume = {13},
  year = {2002}
}

%%%%%%%%%%%%%%%%%%%%%%%%%%%%%%%%%%%%%%%%%%%%%%%%%%%%%%%%%%%%%%%%%%%%%
%%%%%%%%%%%%%%%%%%%%%%%%%%%%%%%%%%%%%%%%%%%%%%%%%%%%%%%%%%%%%%%%%%%%%
%%%%%%%%%%%%%%%%%%%%%%%%%%%%%%%%%%%%%%%%%%%%%%%%%%%%%%%%%%%%%%%%%%%%%

